@book{landau1976mechanics,
  title={Mechanics: Volume 1},
  author={Landau, L.D. and Lifshitz, E.M. and Sykes, J.B. and Bell, J.S.},
  isbn={9780750628969},
  lccn={76018997},
  series={Course of theoretical physics},
  url={https://books.google.ru/books?id=e-xASAehg1sC},
  year={1976},
  publisher={Elsevier Science}
}
