@book{landau1976mechanics,
  title={Mechanics: Volume 1},
  author={Landau, L.D. and Lifshitz, E.M. and Sykes, J.B. and Bell, J.S.},
  isbn={9780750628969},
  lccn={76018997},
  series={Course of theoretical physics},
  year={1976},
  publisher={Elsevier Science}
}

@article{cranmer2020lagrangian,
  title={Lagrangian neural networks},
  author={Cranmer, Miles and Greydanus, Sam and Hoyer, Stephan and Battaglia, Peter and Spergel, David and Ho, Shirley},
  journal={arXiv preprint arXiv:2003.04630},
  year={2020}
}

@article{master-tesis,
  title={Выбор оптимальной модели в задаче моделирования динамики физической системы},
  author={Северилов Павел},
  journal={https://github.com/severilov/master-thesis}
}

@article{PAMAP2,
  title={Датасет PAMAP2},
  journal={https://www.kaggle.com/datasets/phamson/pamap2}
}

@article{experiment,
  title={Github c экспериметом},
  journal={https://github.com/intsystems/2023-Project-114}
}

@article{processing,
  title={Github c обработкой датасета},
  journal={https://github.com/andreasKyratzis/PAMAP2-Physical-Activity-Monitoring-Data-Analysis-and-ML/blob/master/pamap2.ipynb}
}